<record><leader>00000cas a22000007a 4500</leader><controlfield tag="001">38866094</controlfield><controlfield tag="008">980330d18781919mauwr ne      0    0eng d</controlfield><controlfield tag="009">9107</controlfield><datafield ind1=" " ind2=" " tag="010"><subfield code="a">sn 97068828 </subfield></datafield><datafield ind1=" " ind2=" " tag="040"><subfield code="a">MGN</subfield><subfield code="b">eng</subfield><subfield code="c">MGN</subfield></datafield><datafield ind1=" " ind2=" " tag="042"><subfield code="a">msc</subfield></datafield><datafield ind1="0" ind2="0" tag="245"><subfield code="a">North Brookfield journal.</subfield></datafield><datafield ind1=" " ind2=" " tag="260"><subfield code="a">North Brookfield, Mass. :</subfield><subfield code="b">George French,</subfield></datafield><datafield ind1=" " ind2=" " tag="300"><subfield code="a">v.</subfield></datafield><datafield ind1=" " ind2=" " tag="310"><subfield code="a">Weekly</subfield></datafield><datafield ind1="0" ind2=" " tag="362"><subfield code="a">Vol. 4, no. 1 (Jan. 12, 1878)-v. 45, no. 52 (Dec. 26, 1919).</subfield></datafield><datafield ind1=" " ind2=" " tag="752"><subfield code="a">United States</subfield><subfield code="b">Massachusetts</subfield><subfield code="c">Worcester</subfield><subfield code="d">North Brookfield.</subfield></datafield><datafield ind1="0" ind2="0" tag="780"><subfield code="t">Journal (North Brookfield, Mass.)</subfield><subfield code="w">(DLC)sn 83020667</subfield></datafield></record>